<?xml version="1.0" encoding="UTF-8"?><collection xmlns="http://www.loc.gov/MARC21/slim"><record><leader>00466nam--2200193-u-4500</leader><controlfield tag="001">000056108</controlfield><controlfield tag="002">20161230</controlfield><controlfield tag="005">20161230201052</controlfield><controlfield tag="008">141210s1000------------r-----000-0-rus-d</controlfield><datafield ind1=" " ind2=" " tag="040"><subfield code="a">IFIN-HH</subfield></datafield><datafield ind1=" " ind2=" " tag="041"><subfield code="a">rus</subfield></datafield><datafield ind1=" " ind2=" " tag="080"><subfield code="a">524-121</subfield></datafield><datafield ind1="1" ind2=" " tag="100"><subfield code="a">Platov, Iu.V</subfield></datafield><datafield ind1="1" ind2="0" tag="245"><subfield code="a">Nlo i sovremennaia nauka</subfield><subfield code="c">Iu.v. platov, v.v. rubotov</subfield></datafield><datafield ind1=" " ind2=" " tag="260"><subfield code="a">Moskva</subfield><subfield code="b">Nauka</subfield><subfield code="c">1991</subfield></datafield><datafield ind1=" " ind2=" " tag="300"><subfield code="a">170P</subfield></datafield><datafield ind1="1" ind2=" " tag="700"><subfield code="a">Rubotov, V.V</subfield></datafield><datafield ind1=" " ind2=" " tag="852"><subfield code="a">79601</subfield><subfield code="c">523</subfield></datafield><datafield ind1=" " ind2=" " tag="CAT"><subfield code="a">Sys</subfield><subfield code="c">20141210</subfield><subfield code="h">133524</subfield></datafield></record></collection>